<?xml version="1.0"?>
<marc:record xmlns:marc="http://www.loc.gov/MARC21/slim"
    xmlns:xsi="http://www.w3.org/2001/XMLSchema-instance">
    <marc:leader>00000nam a22000002a 4500</marc:leader>
    <marc:controlfield tag="008"> 20uu9999 |||||s|||||00| 0|eng d </marc:controlfield>
    <marc:datafield ind1="" ind2="7" tag="655">
        <marc:subfield code="a">Working Paper</marc:subfield>
        <marc:subfield code="2">local</marc:subfield>
    </marc:datafield>
    <marc:datafield ind1="" ind2="" tag="260">
        <marc:subfield code="c">1999</marc:subfield>
    </marc:datafield>
    <marc:datafield ind1="" ind2="" tag="546">
        <marc:subfield code="a">EN</marc:subfield>
    </marc:datafield>
    <marc:datafield ind1="1" ind2="0" tag="245">
        <marc:subfield code="a">Drivers and Inhibitors</marc:subfield>
    </marc:datafield>
    <marc:datafield ind1="" ind2="" tag="100">
        <marc:subfield code="a">Quaddus, Mohammed</marc:subfield>
        <marc:subfield code="u">Curtin University</marc:subfield>
    </marc:datafield>
    <marc:datafield ind1="1" ind2="" tag="700">
        <marc:subfield code="a">Dieter, Fink</marc:subfield>
        <marc:subfield code="u">Edith Cowan</marc:subfield>
    </marc:datafield>
    <marc:datafield tag="710" ind1="2" ind2=" ">
        <marc:subfield code="a">Königlich Preussische Akademie der Wissenschaften zu Berlin.</marc:subfield>
    </marc:datafield>
</marc:record>
